<?xml version="1.0" encoding="UTF-8"?><collection xmlns="http://www.loc.gov/MARC21/slim"><record><leader>00380nam--2200145-i-4500</leader><controlfield tag="001">000049684</controlfield><controlfield tag="002">20161230</controlfield><controlfield tag="005">20170129225504</controlfield><controlfield tag="008">060222s1000------------r-----000-0-eng-d</controlfield><datafield ind1=" " ind2=" " tag="100"><subfield code="a">Astratiian, E. A</subfield></datafield><datafield ind1=" " ind2=" " tag="245"><subfield code="a">I.p.pavlov. zhizn i nauchnoe tvorchestvo</subfield></datafield><datafield ind1=" " ind2=" " tag="260"><subfield code="a">Moskva</subfield><subfield code="b">Izd. Akad. Nauk, SSSR</subfield><subfield code="c">1949</subfield></datafield><datafield ind1=" " ind2=" " tag="300"><subfield code="a">207s. , 31 Ris</subfield></datafield><datafield ind1=" " ind2=" " tag="852"><subfield code="a">155</subfield></datafield><datafield ind1=" " ind2=" " tag="CAT"><subfield code="a">SYS</subfield><subfield code="c">20170129</subfield><subfield code="h">225504</subfield></datafield></record></collection>